@BOOK{Hastie2001,
  title = {The Elements of Statistical Learning, Data Mining, Inference and Prediction},
  author = {Hastie, T., Tibshirani, R. and2 Friedman, J.},
  year = 2001
  
  publisher={},
  adress={}

}